<record xmlns="http://www.loc.gov/MARC21/slim" xmlns:xsi="http://www.w3.org/2001/XMLSchema-instance" xsi:schemaLocation="http://www.loc.gov/MARC21/slim http://www.loc.gov/standards/marcxml/schema/MARC21slim.xsd">

  <leader>00815nam a2200217   4500</leader>
  <datafield ind1=" " tag="999" ind2=" ">
    <subfield code="c">3541</subfield>
    <subfield code="d">3541</subfield>
  </datafield>
  <controlfield tag="008">180716bcr      201||||| |||| 00| 0 spa d</controlfield>
  <datafield ind2=" " tag="020" ind1=" ">
    <subfield code="a">9789968852463</subfield>
  </datafield>
  <datafield ind1=" " tag="090" ind2=" ">
    <subfield code="a">06.02.04</subfield>
    <subfield code="b">2485</subfield>
  </datafield>
  <datafield ind2=" " tag="100" ind1=" ">
    <subfield code="a">Guevara Víquez, Federico</subfield>
    <subfield code="9">4063</subfield>
  </datafield>
  <datafield tag="245" ind1="1" ind2="3">
    <subfield code="a">La escuela y los pueblos indígenas de Costa Rica: políticas, indicadores educativos y planificación multilingüe /</subfield>
    <subfield code="c">Federico Guevara Víquez, José Solano Alpízar</subfield>
  </datafield>
  <datafield ind1=" " tag="260" ind2=" ">
    <subfield code="a">[Heredia, Costa Rica] :</subfield>
    <subfield code="b">Universidad Nacional,</subfield>
    <subfield code="c">[2017]</subfield>
  </datafield>
  <datafield ind2=" " tag="300" ind1=" ">
    <subfield code="a">80 páginas</subfield>
  </datafield>
  <datafield ind1="1" tag="650" ind2="4">
    <subfield code="9">451</subfield>
    <subfield code="a">POLÍTICA EDUCATIVA</subfield>
  </datafield>
  <datafield ind2="4" tag="650" ind1="1">
    <subfield code="9">485</subfield>
    <subfield code="a">EDUCACIÓN INTERCULTURAL </subfield>
  </datafield>
  <datafield ind2="4" tag="650" ind1="1">
    <subfield code="9">367</subfield>
    <subfield code="a">EDUCACIÓN PRIMARIA</subfield>
  </datafield>
  <datafield ind2="4" tag="650" ind1="1">
    <subfield code="9">2</subfield>
    <subfield code="a">EDUCACIÓN INCLUSIVA</subfield>
  </datafield>
  <datafield ind1="1" tag="650" ind2="4">
    <subfield code="9">1665</subfield>
    <subfield code="a">EDUCACIÓN RURAL</subfield>
  </datafield>
  <datafield tag="650" ind1="1" ind2="4">
    <subfield code="9">1100</subfield>
    <subfield code="a">EDUCACIÓN INDÍGENA</subfield>
  </datafield>
  <datafield ind2=" " tag="700" ind1="1">
    <subfield code="9">239</subfield>
    <subfield code="a">Solano Alpízar, José </subfield>
  </datafield>
  <datafield tag="942" ind1=" " ind2=" ">
    <subfield code="2">z</subfield>
    <subfield code="c">01</subfield>
  </datafield>
</record>